<?xml version="1.0" encoding="utf-8"?>
<record xmlns="http://www.loc.gov/MARC21/slim" xmlns:xsi="http://www.w3.org/2001/XMLSchema-instance" xsi:schemaLocation="http://www.loc.gov/MARC21/slim http://www.loc.gov/standards/marcxml/schema/MARC21slim.xsd">
	<leader>     nam a22        4500</leader>
	<controlfield tag="001">b12479688</controlfield>
	<controlfield tag="003">LeBAU</controlfield>
	<controlfield tag="006">m        d        </controlfield>
	<controlfield tag="007">cr cn |||m|||a</controlfield>
	<controlfield tag="008">170830s1904    ua      o     ||0 0 ara d</controlfield>
	<datafield ind1=" " ind2=" " tag="040">
		<subfield code="a">NNU</subfield>
		<subfield code="b">ara</subfield>
		<subfield code="e">rda</subfield>
		<subfield code="c">NNU</subfield>
	</datafield>
	<datafield ind1=" " ind2="4" tag="050">
		<subfield code="a">BP152.M34</subfield>
		<subfield code="b">T38 1904</subfield>
	</datafield>
	<datafield ind1="0" ind2="4" tag="082">
		<subfield code="a">340.59</subfield>
		<subfield code="2">22</subfield>
	</datafield>
	<datafield ind1="1" ind2=" " tag="100">
		<subfield code="6">880-01</subfield>
		<subfield code="a">Maḥbūbī, ʻUbayd Allāh ibn Masʻūd,</subfield>
		<subfield code="d">-1346 or 1347,</subfield>
		<subfield code="e">author.</subfield>
	</datafield>
	<datafield ind1="1" ind2="0" tag="245">
		<subfield code="6">880-02</subfield>
		<subfield code="a">Sharḥ al-Tawḍīḥ ʻalá al-Tanqīḥ /</subfield>
		<subfield code="c">li-ṣadr al-sharī‘ah ʻUbayd Allāh ibn Masʻūd. Wa-ʻalayhi al-Talwīh ̣/ lil-Imām Saʻd al-Dīn al-Taftāzānī. Wa-ḥāshiyat al-Fanarī ʻalá al-Talwīh. Wa-ḥāshiyat Mullā Khusrū wa-Abd al-Ḥakīm ʻalayhi ayḍan.</subfield>
	</datafield>
	<datafield ind1=" " ind2=" " tag="250">
		<subfield code="6">880-03</subfield>
		<subfield code="a">al-Ṭab‘ah al-ūlá.</subfield>
	</datafield>
	<datafield ind1=" " ind2="1" tag="264">
		<subfield code="6">880-04</subfield>
		<subfield code="a">Miṣr :</subfield>
		<subfield code="b">al-Maṭbaʻah al-Khayrīyah,</subfield>
		<subfield code="c">1322 H., [1904? H.]</subfield>
	</datafield>
	<datafield ind1=" " ind2=" " tag="300">
		<subfield code="6">880-05</subfield>
		<subfield code="a">online resource (2 volumes)</subfield>
	</datafield>
	<datafield ind1=" " ind2=" " tag="336">
		<subfield code="a">text</subfield>
		<subfield code="2">rdacontent</subfield>
	</datafield>
	<datafield ind1=" " ind2=" " tag="337">
		<subfield code="a">computer</subfield>
		<subfield code="2">rdamedia</subfield>
	</datafield>
	<datafield ind1=" " ind2=" " tag="338">
		<subfield code="a">online resource</subfield>
		<subfield code="2">rdacarrier</subfield>
	</datafield>
	<datafield ind1=" " ind2=" " tag="500">
		<subfield code="a">Part of the Arabic Collections Online (ACO) project, contributed by American University of Beirut's Jafet Memorial Library.</subfield>
	</datafield>
	<datafield ind1=" " ind2=" " tag="533">
		<subfield code="a">Electronic reproduction.</subfield>
		<subfield code="b">New York, N.Y. :</subfield>
		<subfield code="c">New York University,</subfield>
		<subfield code="d">2017.</subfield>
		<subfield code="5">NNU</subfield>
	</datafield>
	<datafield ind1="1" ind2="0" tag="600">
		<subfield code="6">880-06</subfield>
		<subfield code="a">Maḥbūbī, ʻUbayd Allāh ibn Masʻūd,</subfield>
		<subfield code="d">-1346 or 1347.</subfield>
		<subfield code="t">Tanqīḥ fī uṣūl al-fiqh.</subfield>
	</datafield>
	<datafield ind1="1" ind2="0" tag="600">
		<subfield code="6">880-07</subfield>
		<subfield code="a">Taftāzānī, Masʻūd ibn ʻUmar,</subfield>
		<subfield code="d">1322-1389?</subfield>
		<subfield code="t">Talwīḥ ʻalá al-Tawḍīḥ.</subfield>
	</datafield>
	<datafield ind1=" " ind2="0" tag="650">
		<subfield code="6">880-08</subfield>
		<subfield code="a">Hanafites</subfield>
		<subfield code="v">Early works to 1800.</subfield>
	</datafield>
	<datafield ind1=" " ind2="0" tag="650">
		<subfield code="6">880-09</subfield>
		<subfield code="a">Shafiites</subfield>
		<subfield code="v">Early works to 1800.</subfield>
	</datafield>
	<datafield ind1=" " ind2="0" tag="650">
		<subfield code="6">880-10</subfield>
		<subfield code="a">Islamic law</subfield>
		<subfield code="x">Interpretation and construction</subfield>
		<subfield code="v">Early works to 1800.</subfield>
	</datafield>
	<datafield ind1="1" ind2="2" tag="700">
		<subfield code="6">880-11</subfield>
		<subfield code="a">Taftāzānī, Masʻūd ibn ʻUmar,</subfield>
		<subfield code="d">1322-1389?</subfield>
		<subfield code="t">Talwīḥ ʻalá al-Tawḍīḥ.</subfield>
	</datafield>
	<datafield ind1="1" ind2="2" tag="700">
		<subfield code="6">880-12</subfield>
		<subfield code="a">Fanārī, Ḥasan ibn Muḥammad Shāh,</subfield>
		<subfield code="d">1436 or 1437-1481 or 1482.</subfield>
		<subfield code="t">Ḥāshiyah ʻalá al-Talwīḥ.</subfield>
	</datafield>
	<datafield ind1="1" ind2="2" tag="700">
		<subfield code="6">880-13</subfield>
		<subfield code="a">Hüsrev,</subfield>
		<subfield code="c">Molla,</subfield>
		<subfield code="d">-1480.</subfield>
		<subfield code="t">Ḥāshiyah ʻalá al-Talwīḥ.</subfield>
	</datafield>
	<datafield ind1="1" ind2="2" tag="700">
		<subfield code="6">880-14</subfield>
		<subfield code="a">Afghānī, ʻAbd al-Ḥakīm,</subfield>
		<subfield code="d">1835 or 1836-1908 or 1909.</subfield>
		<subfield code="t">Ḥāshiyah ʻalá al-Talwīḥ.</subfield>
	</datafield>
	<datafield ind1="2" ind2=" " tag="710">
		<subfield code="a">Jafet Memorial Library.</subfield>
	</datafield>
	<datafield ind1="0" ind2=" " tag="730">
		<subfield code="a">Arabic Collections Online.</subfield>
	</datafield>
	<datafield ind1="0" ind2="8" tag="776">
		<subfield code="i">Print version:</subfield>
		<subfield code="a">Maḥbūbī, ʻUbayd Allāh ibn Masʻūd, -1346 or 1347, author.</subfield>
		<subfield code="t">Sharḥ al-Tawḍīḥ ʻalá al-Tanqīḥ</subfield>
		<subfield code="w">(LeBAU)b12479688</subfield>
	</datafield>
	<datafield ind1="4" ind2="0" tag="856">
		<subfield code="u">http://hdl.handle.net/2333.1/xksn07rv</subfield>
	</datafield>
	<datafield ind1="1" ind2=" " tag="880">
		<subfield code="6">100-01</subfield>
		<subfield code="a">المحبوبي، عبيد الله بن مسعود،‪‪‪‪‪‪‪</subfield>
		<subfield code="d">-1346 او 1347،‪‪‪‪‪‪‪</subfield>
		<subfield code="e">مؤلف.‪‪‪‪‪‪‪</subfield>
		<subfield code="4">aut.</subfield>
	</datafield>
	<datafield ind1="1" ind2="0" tag="880">
		<subfield code="6">245-02</subfield>
		<subfield code="a">شرح التوضيح على التنقيح /‪‪‪‪‪‪‪</subfield>
		<subfield code="c">لصدر الشريعة عبيد الله بن مسعود. وعليه التلويح / للإمام سعد الدين التفتازاني. وحاشية الفنري على التلويح. وحاشية ملا خسرو وعبد الحكيم عليه أيضأً.‪‪‪‪‪‪‪</subfield>
	</datafield>
	<datafield ind1=" " ind2=" " tag="880">
		<subfield code="6">250-03</subfield>
		<subfield code="a">الطبعة الأولى.‪‪‪‪‪‪‪</subfield>
	</datafield>
	<datafield ind1=" " ind2="1" tag="880">
		<subfield code="6">264-04</subfield>
		<subfield code="a">مصر :‪‪‪‪‪‪‪</subfield>
		<subfield code="b">المطبعة الخيرية،‪‪‪‪‪‪‪</subfield>
		<subfield code="c">1322هـ.، [1904؟ م.]‪‪‪‪‪‪‪</subfield>
	</datafield>
	<datafield ind1=" " ind2=" " tag="880">
		<subfield code="6">300-05</subfield>
		<subfield code="a">2 جزء ؛‪‪‪‪‪‪‪</subfield>
		<subfield code="c">28 سم‪‪‪‪‪‪‪</subfield>
	</datafield>
	<datafield ind1=" " ind2=" " tag="880">
		<subfield code="6">500-00</subfield>
		<subfield code="a">3 أجزاء ببليوغرافية في 2 جزء مادي.‪‪‪‪‪‪‪</subfield>
	</datafield>
	<datafield ind1=" " ind2=" " tag="880">
		<subfield code="6">500-00</subfield>
		<subfield code="a">&quot;قد قدمنا في أول صلب الصحيفة التلويح ويليه حاشية الفنري ثم يليه حاشية ملا خسرو وحاشية عبد الحكيم مفصولاً بينها بجدول وفي أول الهامش شرح التوضيح على التنقيح ويليه حاشية المرجاني مفصولاً بينهما بجدول.&quot;‪‪‪‪‪‪‪</subfield>
	</datafield>
	<datafield ind1="1" ind2="4" tag="880">
		<subfield code="6">600-06</subfield>
		<subfield code="a">المحبوبي، عبيد الله بن مسعود،‪‪‪‪‪‪‪</subfield>
		<subfield code="d">1346 أو 1347‪‪‪‪‪‪‪</subfield>
		<subfield code="t">التنقيح في أصول الفقه.‪‪‪‪‪‪‪</subfield>
	</datafield>
	<datafield ind1="1" ind2="4" tag="880">
		<subfield code="6">600-07</subfield>
		<subfield code="a">التفتازاني، مسعود بن عمر،‪‪‪‪‪‪‪</subfield>
		<subfield code="d">1322-1389؟.‪‪‪‪‪‪‪</subfield>
		<subfield code="t">التلويح على التوضيح.‪‪‪‪‪‪‪</subfield>
	</datafield>
	<datafield ind1=" " ind2="4" tag="880">
		<subfield code="6">650-08</subfield>
		<subfield code="a">المذهب الحنفي‪‪‪‪‪‪‪</subfield>
		<subfield code="v">اعمال قديمة حتى 1800.‪‪‪‪‪‪‪</subfield>
	</datafield>
	<datafield ind1=" " ind2="4" tag="880">
		<subfield code="6">650-09</subfield>
		<subfield code="a">المذهب الشافعي‪‪‪‪‪‪‪</subfield>
		<subfield code="v">اعمال قديمة حتى 1800.‪‪‪‪‪‪‪</subfield>
	</datafield>
	<datafield ind1=" " ind2="4" tag="880">
		<subfield code="6">650-10</subfield>
		<subfield code="a">الفقه الاسلامي‪‪‪‪‪‪‪</subfield>
		<subfield code="x">تفسير وبنية‪‪‪‪‪‪‪</subfield>
		<subfield code="v">اعمال قديمة حتى 1800.‪‪‪‪‪‪‪</subfield>
	</datafield>
	<datafield ind1="1" ind2="2" tag="880">
		<subfield code="6">700-11</subfield>
		<subfield code="a">التفتازاني، مسعود بن عمر،‪‪‪‪‪‪‪</subfield>
		<subfield code="d">1322-1389؟.‪‪‪‪‪‪‪</subfield>
		<subfield code="t">التلويح على التوضيح.‪‪‪‪‪‪‪</subfield>
	</datafield>
	<datafield ind1="1" ind2="2" tag="880">
		<subfield code="6">700-12</subfield>
		<subfield code="a">الفناري، حسن بن محمد شاه،‪‪‪‪‪‪‪</subfield>
		<subfield code="d">1436 او 1437-1481 او 1482.‪‪‪‪‪‪‪</subfield>
		<subfield code="t">حاشية على التلويح.‪‪‪‪‪‪‪</subfield>
	</datafield>
	<datafield ind1="1" ind2="2" tag="880">
		<subfield code="6">700-13</subfield>
		<subfield code="a">خسرو،‪‪‪‪‪‪‪</subfield>
		<subfield code="c">ملا،‪‪‪‪‪‪‪</subfield>
		<subfield code="d">-1480.</subfield>
		<subfield code="t">حاشية على التلويح.‪‪‪‪‪‪‪</subfield>
	</datafield>
	<datafield ind1="1" ind2="2" tag="880">
		<subfield code="6">700-14</subfield>
		<subfield code="a">الافغاني، عبد الحكيم،‪‪‪‪‪‪‪</subfield>
		<subfield code="d">1835 او 1836-1908 او 1909.‪‪‪‪‪‪‪</subfield>
		<subfield code="t">حاشية على التلويح.‪‪‪‪‪‪‪</subfield>
	</datafield>
	<datafield ind1=" " ind2=" " tag="959">
		<subfield code="a">NNU</subfield>
		<subfield code="b">WEB</subfield>
		<subfield code="c">GENI</subfield>
		<subfield code="t">0</subfield>
		<subfield code="m">Electronic access</subfield>
		<subfield code="s">01</subfield>
	</datafield>
	<datafield ind1=" " ind2=" " tag="999">
		<subfield code="i">LeBAU_b12479688</subfield>
		<subfield code="s">aub_aco001033:v.1</subfield>
		<subfield code="s">aub_aco001034:v.2-3</subfield>
		<subfield code="e">(ERROR-MISC)</subfield>
		<subfield code="s">aub_aco001033:v.1</subfield>
		<subfield code="s">aub_aco001034:v.2-3</subfield>
	</datafield>
</record>
